<record><leader>00000cas a2200000 a 4500</leader><controlfield tag="001">46664813</controlfield><controlfield tag="007">hd afu---bucu</controlfield><controlfield tag="008">010404d19221991mnudn nea     0   c0rus c</controlfield><datafield ind1=" " ind2=" " tag="010"><subfield code="a">  2001252280</subfield></datafield><datafield ind1=" " ind2=" " tag="040"><subfield code="a">WAU</subfield><subfield code="b">eng</subfield><subfield code="c">WAU</subfield><subfield code="d">OCLCQ</subfield><subfield code="d">OCLCF</subfield><subfield code="d">OCLCO</subfield><subfield code="d">OCLCQ</subfield></datafield><datafield ind1=" " ind2=" " tag="042"><subfield code="a">pcc</subfield></datafield><datafield ind1=" " ind2=" " tag="043"><subfield code="a">a-gs---</subfield></datafield><datafield ind1="0" ind2="0" tag="245"><subfield code="a">Zari&#65056;a&#65057; Vostoka :</subfield><subfield code="b">organ T&#65056;S&#65057;entral&#697;nogo i Tbilisskogo Komitetov Kompartii Gruzii i Sovetov deputatov trudi&#65056;a&#65057;shchikhsi&#65056;a&#65057; Gruzinskoi&#774; S.S.R.</subfield></datafield><datafield ind1=" " ind2=" " tag="260"><subfield code="a">T&#699;bilisi :</subfield><subfield code="b">Tbilisskii&#774; Komitet,</subfield><subfield code="c">-1991.</subfield></datafield><datafield ind1=" " ind2=" " tag="300"><subfield code="a">volumes :</subfield><subfield code="b">illustrations ;</subfield><subfield code="c">67 cm</subfield></datafield><datafield ind1=" " ind2=" " tag="310"><subfield code="a">Daily (except Monday)</subfield></datafield><datafield ind1=" " ind2=" " tag="336"><subfield code="a">text</subfield><subfield code="b">txt</subfield><subfield code="2">rdacontent</subfield></datafield><datafield ind1=" " ind2=" " tag="337"><subfield code="a">microform</subfield><subfield code="b">h</subfield><subfield code="2">rdamedia</subfield></datafield><datafield ind1=" " ind2=" " tag="338"><subfield code="a">microfilm reel</subfield><subfield code="b">hd</subfield><subfield code="2">rdacarrier</subfield></datafield><datafield ind1="1" ind2=" " tag="362"><subfield code="a">Began in June 1922.</subfield></datafield><datafield ind1="0" ind2=" " tag="362"><subfield code="a">-1991, no 14 (30 i&#65056;a&#65057;nv. 1991 g.).</subfield></datafield><datafield ind1=" " ind2=" " tag="515"><subfield code="a">Issues for &lt;Jan. 1, 1955&gt;-Jan. 30, 1991 called also &lt;9193&gt;-19860.</subfield></datafield><datafield ind1=" " ind2=" " tag="550"><subfield code="a">Issued also by: Verkovnyi&#774; Sovet and Sovet Ministrov of the Georgian S.S.R., 1964-</subfield></datafield><datafield ind1=" " ind2=" " tag="588"><subfield code="a">Description based on: 1955, no 1 (1 i&#65056;a&#65057;nv. 1955 g.).</subfield></datafield><datafield ind1=" " ind2=" " tag="533"><subfield code="a">Microfilm.</subfield><subfield code="b">Minneapolis, MN :</subfield><subfield code="c">East View Publications.</subfield><subfield code="e">microfilm reels ; 35 mm.</subfield></datafield><datafield ind1=" " ind2="0" tag="651"><subfield code="a">T&#699;bilisi (Georgia)</subfield><subfield code="v">Newspapers.</subfield></datafield><datafield ind1=" " ind2="7" tag="651"><subfield code="a">Georgia (Republic)</subfield><subfield code="z">T&#699;bilisi.</subfield><subfield code="2">fast</subfield><subfield code="0">(OCoLC)fst01206337</subfield></datafield><datafield ind1=" " ind2="7" tag="655"><subfield code="a">Newspapers.</subfield><subfield code="2">fast</subfield><subfield code="0">(OCoLC)fst01423814</subfield></datafield><datafield ind1="2" ind2=" " tag="710"><subfield code="a">Sak&#699;art&#699;velos KP C&#699;entraluri komiteti.</subfield></datafield><datafield ind1="2" ind2=" " tag="710"><subfield code="a">Sak&#699;artv&#699;elos komunisturi partia.</subfield><subfield code="b">Tbilisskii&#774; Komitet.</subfield></datafield><datafield ind1="1" ind2=" " tag="710"><subfield code="a">Georgian S.S.R.</subfield><subfield code="b">Sovet deputatov trudi&#65056;a&#65057;shchikhsi&#65056;a&#65057;.</subfield></datafield><datafield ind1="1" ind2=" " tag="710"><subfield code="a">Georgian S.S.R.</subfield><subfield code="b">Umag&#775;lesi sabc&#780;o.</subfield></datafield><datafield ind1="1" ind2=" " tag="710"><subfield code="a">Georgian S.S.R.</subfield><subfield code="b">Ministrt&#699;a Sabc&#780;o.</subfield></datafield><datafield ind1=" " ind2=" " tag="752"><subfield code="a">Georgia (Republic)</subfield><subfield code="d">T&#699;bilisi.</subfield></datafield><datafield ind1="1" ind2=" " tag="776"><subfield code="c">Original</subfield><subfield code="w">(DLC)sn 91028281</subfield><subfield code="w">(OCoLC)5395948</subfield></datafield><datafield ind1="0" ind2="0" tag="785"><subfield code="t">Vestnik Gruzii</subfield><subfield code="w">(DLC)  2001252281</subfield><subfield code="w">(OCoLC)32658408</subfield></datafield><datafield ind1="1" ind2=" " tag="029"><subfield code="a">AU@</subfield><subfield code="b">000022591209</subfield></datafield></record>